@book{baier2008principles,
	title={Principles of model checking},
	author={Baier, Christel and Katoen, Joost-Pieter},
	year={2008},
	publisher={MIT press}
}

@inproceedings{alur2001analysis,
  title={Analysis of recursive state machines},
  author={Alur, Rajeev and Etessami, Kousha and Yannakakis, Mihalis},
  booktitle={International Conference on Computer Aided Verification},
  pages={207--220},
  year={2001},
  organization={Springer}
}

